

@book{zuk:book:2013,
	Author = {Marlene Zuk},
	Date-Added = {2019-03-09 12:00:32 +0100},
	Date-Modified = {2019-03-09 12:00:32 +0100},
	Publisher = {W. W. Norton \& Company},
	Title = {Paleofantasy: What Evolution Really Tells Us about Sex, Diet, and How We Live},
	Year = {2013}}

@book{wilson:book:2012,
	Author = {Wilson, Edward O},
	Date-Added = {2019-03-09 11:52:13 +0100},
	Date-Modified = {2019-03-09 11:52:13 +0100},
	Publisher = {Liveright},
	Title = {The Social Conquest of Earth},
	Year = {2012}}

@book{nowak2006evolutionary,
	Author = {Nowak, Martin A},
	Publisher = {Harvard University Press},
	Title = {Evolutionary dynamics},
	Year = {2006}}

@article{pacheco2009evolutionary,
	Author = {Pacheco, Jorge M and Santos, Francisco C and Souza, Max O and Skyrms, Brian},
	Journal = {Proceedings of the Royal Society of London B: Biological Sciences},
	Number = {1655},
	Pages = {315--321},
	Publisher = {The Royal Society},
	Title = {Evolutionary dynamics of collective action in N-person stag hunt dilemmas},
	Volume = {276},
	Year = {2009}}

@article{wilkinson1976rutting,
	Author = {Wilkinson, Paul F and Shank, Christopher C},
	Journal = {Animal Behaviour},
	Number = {4},
	Pages = {756--758},
	Publisher = {Elsevier},
	Title = {Rutting-fight mortality among musk oxen on Banks Island, Northwest Territories, Canada},
	Volume = {24},
	Year = {1976}}

@article{clutton1999selfish,
	Author = {Clutton-Brock, Timothy H and O'riain, MJ and Brotherton, Peter NM and Gaynor, D and Kansky, R and Griffin, Ashleigh S and Manser, M},
	Journal = {Science},
	Number = {5420},
	Pages = {1640--1644},
	Publisher = {American Association for the Advancement of Science},
	Title = {Selfish sentinels in cooperative mammals},
	Volume = {284},
	Year = {1999}}

@article{eberhard1975evolution,
	Author = {Eberhard, Mary Jane West},
	Journal = {The Quarterly Review of Biology},
	Number = {1},
	Pages = {1--33},
	Publisher = {Stony Brook Foundation, Inc.},
	Title = {The evolution of social behavior by kin selection},
	Volume = {50},
	Year = {1975}}

@article{doebeli2005models,
	Author = {Doebeli, Michael and Hauert, Christoph},
	Journal = {Ecology letters},
	Number = {7},
	Pages = {748--766},
	Publisher = {Wiley Online Library},
	Title = {Models of cooperation based on the Prisoner's Dilemma and the Snowdrift game},
	Volume = {8},
	Year = {2005}}

@article{smith1973logic,
	Author = {Smith, J Maynard and Price, George R},
	Journal = {Nature},
	Number = {5427},
	Pages = {15},
	Publisher = {Nature Publishing Group},
	Title = {The logic of animal conflict},
	Volume = {246},
	Year = {1973}}

@book{morgenstern1953theory,
	Author = {Morgenstern, Oskar and Von Neumann, John},
	Publisher = {Princeton university press},
	Title = {Theory of games and economic behavior},
	Year = {1953}}

@article{gokhale2014evolutionary,
	Author = {Gokhale, Chaitanya S and Traulsen, Arne},
	Journal = {Dynamic Games and Applications},
	Number = {4},
	Pages = {468--488},
	Publisher = {Springer},
	Title = {Evolutionary multiplayer games},
	Volume = {4},
	Year = {2014}}

@article{hauert2006evolutionary,
	Author = {Hauert, Christoph and Holmes, Miranda and Doebeli, Michael},
	Journal = {Proceedings of the Royal Society of London B: Biological Sciences},
	Number = {1600},
	Pages = {2565--2571},
	Publisher = {The Royal Society},
	Title = {Evolutionary games and population dynamics: maintenance of cooperation in public goods games},
	Volume = {273},
	Year = {2006}}

@article{ponton2011nutritional,
	Author = {Ponton, Fleur and Wilson, Kenneth and Cotter, Sheena C and Raubenheimer, David and Simpson, Stephen J},
	Journal = {PLoS pathogens},
	Number = {12},
	Pages = {e1002223},
	Publisher = {Public Library of Science},
	Title = {Nutritional immunology: a multi-dimensional approach},
	Volume = {7},
	Year = {2011}}

@article{chandra1983nutrition,
	Author = {Chandra, Ranjit Kumar},
	Journal = {Lancet},
	Title = {Nutrition, immunity, and infection: present knowledge and future directions},
	Year = {1983}}

@article{hardin1968tragedy,
	Author = {Hardin, Garrett},
	Journal = {science},
	Number = {3859},
	Pages = {1243--1248},
	Publisher = {American Association for the Advancement of Science},
	Title = {The tragedy of the commons},
	Volume = {162},
	Year = {1968}}

@article{kumari1993overnutrition,
	Author = {Kumari, B Sobha and Chandra, RK},
	Journal = {Nutrition Research},
	Pages = {S3--S18},
	Publisher = {Elsevier},
	Title = {Overnutrition and immune responses},
	Volume = {13},
	Year = {1993}}
